@misc{encyclopedia,
  title = {antibody},
  journal={Encyclop√¶dia Britannica},
  year = {2022},
  month = {Sep},
  author = {Britannica, The Editors of Encyclopaedia},
  url = {https://www.britannica.com/science/antibody}
}

@book{immunobiology,
  author = {Janeway Jr C. A. and Travers P. and Walport M.},
  year = {2001},
  title = {Immunobiology: The Immune System in Health and Disease},
  publisher = {Garland Science},
  edition = {5}
}

@article{MOREA2000267,
title = {Antibody Modeling: Implications for Engineering and Design},
journal = {Methods},
volume = {20},
number = {3},
pages = {267-279},
year = {2000},
issn = {1046-2023},
doi = {https://doi.org/10.1006/meth.1999.0921},
url = {https://www.sciencedirect.com/science/article/pii/S1046202399909210},
author = {Veronica Morea and Arthur M. Lesk and Anna Tramontano},
keywords = {antibody modeling, canonical structures, CDRs, loop grafting, protein engineering},
}

@article{clustal,
author = {Sievers, Fabian and Higgins, Desmond G.},
title = {Clustal Omega for making accurate alignments of many protein sequences},
journal = {Protein Science},
volume = {27},
number = {1},
pages = {135-145},
keywords = {clustal omega, multiple sequence alignment, benchmarking, protein structure},
doi = {https://doi.org/10.1002/pro.3290},
url = {https://onlinelibrary.wiley.com/doi/abs/10.1002/pro.3290},
eprint = {https://onlinelibrary.wiley.com/doi/pdf/10.1002/pro.3290},
year = {2018}
}

@article{muscle,
title={MUSCLE v5 enables improved estimates of phylogenetic tree confidence by ensemble bootstrapping},
author={Edgar, Robert C},
journal={bioRxiv},
year={2021},
publisher={Cold Spring Harbor Laboratory}
}

@article{IMGT,
title={Unique database numbering system for immunogenetic analysis},
author={Lefranc, M P},
journal={Immunology Today},
volume = {18},
year={1997},
doi = {10.1016/S0167-5699(97)01163-8},
publisher = {Elsevier}
}

@article{anarci,
    author = {Dunbar, James and Deane, Charlotte M.},
    title = "{ANARCI: antigen receptor numbering and receptor classification}",
    journal = {Bioinformatics},
    volume = {32},
    number = {2},
    pages = {298-300},
    year = {2015},
    month = {09},
    issn = {1367-4803},
    doi = {10.1093/bioinformatics/btv552},
    url = {https://doi.org/10.1093/bioinformatics/btv552},
    eprint = {https://academic.oup.com/bioinformatics/article-pdf/32/2/298/6688939/btv552.pdf},
}

@article{LSTM,
    author = {Wollacott, Andrew M and Xue, Chonghua and Qin, Qiuyuan and Hua, June and Bohnuud, Tanggis and Viswanathan, Karthik and Kolachalama, Vijaya B},
    title = "{Quantifying the nativeness of antibody sequences using long short-term memory networks}",
    journal = {Protein Engineering, Design and Selection},
    volume = {32},
    number = {7},
    pages = {347-354},
    year = {2019},
    month = {08},
    issn = {1741-0126},
    doi = {10.1093/protein/gzz031},
    url = {https://doi.org/10.1093/protein/gzz031},
    eprint = {https://academic.oup.com/peds/article-pdf/32/7/347/33487423/gzz031.pdf},
}